@book{aocs1998,
  author    = {American Oil Chemists' Society},
  title     = {Official Methods and Recommended Practices of the AOCS},
  year      = {1998},
  publisher = {AOCS Press},
  address   = {Champaign, IL}
}

@misc{quimica_sostenible_2011,
  author    = {Química Sostenible},
  title     = {El n-hexano, ¿héroe o villano?},
  year      = {2011},
  howpublished = {\url{https://quimicasostenible.wordpress.com/2011/10/10/el-n-hexano-%C2%BFheroe-o-villano/}},
  note      = {Fecha de acceso: 5 de septiembre de 2025}
}

@phdthesis{rodriguez_2019,
  author    = {Luciana M. Rodriguez},
  title     = {Aplicación de enzimas en la obtención de aceite de girasol con solventes renovables},
  school    = {Universidad Nacional del Sur},
  year      = {2019},
  howpublished = {\url{http://repositoriodigital.uns.edu.ar/bitstream/123456789/4550/1/TESIS%20DOCTORAL-RODRIGUEZ%20LUCIANA-2019.pdf}},
  note      = {Fecha de acceso: 5 de septiembre de 2025}
}

@misc{tornero_2015,
  author    = {A. Tornero},
  title     = {Fluidos supercríticos, alternativa de valor a las técnicas de extracción de aceites y grasas natural},
  year      = {2015},
  howpublished = {\url{https://www.ainia.es/tecnoalimentalia/tecnologia/fluidos-supercriticos-alternativa-de-valor-a-las-tecnicas-de-extraccion-de-aceites-y-grasas-natural/}},
  note      = {Fecha de acceso: 5 de septiembre de 2025}
}


@article{munoz2013chia,
  title={Chia seed (Salvia hispanica): an ancient grain and a new functional food},
  author={Mu{\~n}oz, Loreto A and Cobos, Angel and Diaz, Olga and Aguilera, Jos{\'e} Miguel},
  journal={Food reviews international},
  volume={29},
  number={4},
  pages={394--408},
  year={2013},
  publisher={Taylor \& Francis}
}

@article{ixtaina2011characterization,
  title={Characterization of chia seed oils obtained by pressing and solvent extraction},
  author={Ixtaina, Vanesa Y and Mart{\'\i}nez, Marcela L and Spotorno, Viviana and Mateo, Carmen M and Maestri, Dami{\'a}n M and Diehl, Bernd WK and Nolasco, Susana M and Tom{\'a}s, Mabel C},
  journal={Journal of food composition and analysis},
  volume={24},
  number={2},
  pages={166--174},
  year={2011},
  publisher={Elsevier}
}

@article{palma2023ciencia,
  title={CIENCIA REPRODUCTIBLE Y POST-COVID19 SU IMPACTO EN LA ACREDITACI{\'O}N DE INGENIER{\'I}AS INDUSTRIALES},
  author={Palma, Ricardo R and Masera, Gustavo A},
  journal={AJEA (Actas de Jornadas y Eventos Acad{\'e}micos de UTN)},
  number={AJEA 30}, 
  year={2023}
}